@inproceedings{ProductionVolumeRenderingSIGGRAPH,
author = {Fong, Julian and Wrenninge, Magnus and Kulla, Christopher and Habel,
          Ralf},
title = {{Production} {Volume} {Rendering}: {SIGGRAPH} 2017 {Course}},
year = {2017},
note = {\url{https://doi.org/10.1145/3084873.3084907}},
}


@mastersthesis{ZoliBSc,
    author = {Simon, Zoltán},
    type={BSc Thesis},
    title={Térfogatvizualizációs algoritmusok implementálása grafikus
           hardveren},
    year = {2022},
    note = {
        \url{https://diplomaterv.vik.bme.hu/hu/Theses/Terfogatvizualizacios-algoritmusok} \url{https://github.com/TheFlyingPiano99/HomebrewGraphicsEngine}
    }
}

@inproceedings{PixarSoul,
author = {Ouellet, Sasha and Garcia, Daniel and Gustafson, Stephen and Kuruc, Matt and Lorenzen, Michael and Nguyen, George and Gilbert, Grace},
title = {Rasterizing Volumes and Surfaces for Crowds on Soul},
year = {2020},
note = {\url{https://doi.org/10.1145/3388767.3407374}},
booktitle = {ACM SIGGRAPH 2020 Talks},
}
